@article{bonfiglioli2000fluctuation,
  title={Fluctuation splitting schemes for the compressible and incompressible Euler and Navier-Stokes equations},
  author={Bonfiglioli, Aldo},
  journal={International Journal of Computational Fluid Dynamics},
  volume={14},
  number={1},
  pages={21--39},
  year={2000},
  publisher={Taylor \& Francis}
}

@article{bonfiglioli2013mass,
  title={A mass-matrix formulation of unsteady fluctuation splitting schemes consistent with Roe’s parameter vector},
  author={Bonfiglioli, Aldo and Paciorri, Renato},
  journal={International Journal of Computational Fluid Dynamics},
  volume={27},
  number={4-5},
  pages={210--227},
  year={2013},
  publisher={Taylor \& Francis}
}

@article{bonfiglioli2013unstructured,
  title={An unstructured, three-dimensional, shock-fitting solver for hypersonic flows},
  author={Bonfiglioli, Aldo and Grottadaurea, Marco and Paciorri, Renato and Sabetta, Filippo},
  journal={Computers \& Fluids},
  volume={73},
  pages={162--174},
  year={2013},
  publisher={Elsevier}
}

@inproceedings{lani2005coolfluid,
  title={The COOLFluiD framework: design solutions for high performance object oriented scientific computing software},
  author={Lani, Andrea and Quintino, Tiago and Kimpe, Dries and Deconinck, Herman and Vandewalle, Stefan and Poedts, Stefaan},
  booktitle={International Conference on Computational Science},
  pages={279--286},
  year={2005},
  organization={Springer}
}

@misc{lani2016,
  title={COOLFluiD Wiki page},
  author={Lani, A and others},
  year={2016}
}

@inproceedings{kimpe2005coolfluid,
  title={The COOLFluiD parallel architecture},
  author={Kimpe, Dries and Lani, Andrea and Quintino, Tiago and Poedts, Stefaan and Vandewalle, Stefan},
  booktitle={European Parallel Virtual Machine/Message Passing Interface Users’ Group Meeting},
  pages={520--527},
  year={2005},
  organization={Springer}
}

@article{ricchiuto2010explicit,
  title={Explicit Runge--Kutta residual distribution schemes for time dependent problems: second order case},
  author={Ricchiuto, Mario and Abgrall, Remi},
  journal={Journal of Computational Physics},
  volume={229},
  number={16},
  pages={5653--5691},
  year={2010},
  publisher={Elsevier}
}

@article{ricchiuto2015explicit,
  title={An explicit residual based approach for shallow water flows},
  author={Ricchiuto, Mario},
  journal={Journal of Computational Physics},
  volume={280},
  pages={306--344},
  year={2015},
  publisher={Elsevier}
}

@article{arpaia2015ale,
  title={An ale formulation for explicit runge--kutta residual distribution},
  author={Arpaia, Luca and Ricchiuto, Mario and Abgrall, Remi},
  journal={Journal of Scientific Computing},
  volume={63},
  number={2},
  pages={502--547},
  year={2015},
  publisher={Springer}
}

@article{abgrall2006residual,
  title={Residual distribution schemes: current status and future trends},
  author={Abgrall, R{\'e}mi},
  journal={Computers \& Fluids},
  volume={35},
  number={7},
  pages={641--669},
  year={2006},
  publisher={Elsevier}
}

@article{deconinck1993multidimensional,
  title={Multidimensional upwind schemes based on fluctuation-splitting for systems of conservation laws},
  author={Deconinck, H and Paillere, H and Struijs, R and Roe, Philip L},
  journal={Computational Mechanics},
  volume={11},
  number={5-6},
  pages={323--340},
  year={1993},
  publisher={Springer}
}

@incollection{lani2017sf,
  title={SF: An open source object-oriented platform for unstructured shock-fitting methods},
  author={Lani, Andrea and De Amicis, Valentina},
  booktitle={Shock Fitting},
  pages={85--112},
  year={2017},
  publisher={Springer}
}

@article{zou2017shock,
  title={A shock-fitting technique for cell-centered finite volume methods on unstructured dynamic meshes},
  author={Zou, Dongyang and Xu, Chunguang and Dong, Haibo and Liu, Jun},
  journal={Journal of Computational Physics},
  volume={345},
  pages={866--882},
  year={2017},
  publisher={Elsevier}
}

@incollection{liu2017shock,
  title={A Shock-Fitting Technique for ALE Finite Volume Methods on Unstructured Dynamic Meshes},
  author={Liu, Jun and Zou, Dongyang},
  booktitle={Shock Fitting},
  pages={131--149},
  year={2017},
  publisher={Springer}
}

@inproceedings{shewchuk1996triangle,
  title={Triangle: Engineering a 2D quality mesh generator and Delaunay triangulator},
  author={Shewchuk, Jonathan Richard},
  booktitle={Workshop on Applied Computational Geometry},
  pages={203--222},
  year={1996},
  organization={Springer}
}

@article{si2015tetgen,
  title={TetGen, a Delaunay-based quality tetrahedral mesh generator},
  author={Si, Hang},
  journal={ACM Transactions on Mathematical Software (TOMS)},
  volume={41},
  number={2},
  pages={11},
  year={2015},
  publisher={ACM}
}

@article{frey2001yams,
  title={Yams a fully automatic adaptive isotropic surface remeshing procedure},
  author={Frey, Pascal},
  year={2001}
}

@article{fabri2000design,
  title={On the design of CGAL a computational geometry algorithms library},
  author={Fabri, Andreas and Giezeman, Geert-Jan and Kettner, Lutz and Schirra, Stefan and Sch{\"o}nherr, Sven},
  journal={Software: Practice and Experience},
  volume={30},
  number={11},
  pages={1167--1202},
  year={2000},
  publisher={Wiley Online Library}
}

@book{salas2009shock,
  title={A shock-fitting primer},
  author={Salas, Manuel D},
  year={2009},
  publisher={CRC Press}
}

@article{paciorri2009shock,
  title={A shock-fitting technique for 2D unstructured grids},
  author={Paciorri, Renato and Bonfiglioli, Aldo},
  journal={Computers \& Fluids},
  volume={38},
  number={3},
  pages={715--726},
  year={2009},
  publisher={Elsevier}
}

@article{ivanov2010computation,
  title={Computation of weak steady shock reflections by means of an unstructured shock-fitting solver},
  author={Ivanov, Mikhail S and Bonfiglioli, Aldo and Paciorri, Renato and Sabetta, Filippo},
  journal={Shock Waves},
  volume={20},
  number={4},
  pages={271--284},
  year={2010},
  publisher={Springer}
}

@article{paciorri2011shock,
  title={Shock interaction computations on unstructured, two-dimensional grids using a shock-fitting technique},
  author={Paciorri, Renato and Bonfiglioli, Aldo},
  journal={Journal of Computational Physics},
  volume={230},
  number={8},
  pages={3155--3177},
  year={2011},
  publisher={Elsevier}
}

@book{lyubimov1973gas,
  title={Gas Flows Past Blunt Bodies-Part 1: Calculation Method and Flow Analysis},
  author={Lyubimov, Aleksandr Nikolaevich and Rusanov, Viktor Vladimirovich},
  year={1973},
  publisher={NASA}
}

@incollection{roe1986discrete,
  title={Discrete models for the numerical analysis of time-dependent multidimensional gas dynamics},
  author={Roe, Philip L},
  booktitle={Upwind and High-Resolution Schemes},
  pages={451--469},
  year={1986},
  publisher={Springer}
}

@book{roe1987linear,
  title={Linear advection schemes on triangular meshes},
  author={Roe, PL},
  year={1987},
  publisher={Cranfield Institute of Technology}
}

@incollection{campoli2017shock,
  title={Shock-fitting and predictor-corrector explicit ALE Residual Distribution},
  author={Campoli, Lorenzo and Quemar, Pierrick and Bonfiglioli, Aldo and Ricchiuto, Mario},
  booktitle={Shock Fitting},
  pages={113--129},
  year={2017},
  publisher={Springer}
}

@article{grasso2000and,
author = {Grasso, F. and Pirozzoli, S.},
journal = {Theor. Comput. Fluid Dyn.},
number = {6},
pages = {421-456},
title = {Shock-wave-vortex interactions: shock and and vortex deformations, and sound production},
volume = {13},
year = {2000},
url = {https://doi.org/10.1007/s001620050121},
}

@incollection{campoli2017and,
address = {Shock Fitting},
author = {Campoli, L. and Quemar, P. and Bonfiglioli, A. and Ricchiuto, M.},
booktitle = {Onofri},
editor = {M., Paciorri and},
pages = {113-129},
publisher = {Classical Techniques, Recent Developments, and Memoirs of Gino Moretti, Springer International Publishing, Berlin},
title = {Shock-fitting and predictor-corrector explicit ALE residual distribution},
year = {2017},
}
